@misc{rcnn,
      title = "A Step-by-Step Introduction to the Basic Object Detection Algorithms (Part 1)",
      author = "Pulkit Sharma",
      howpublished = "\url{https://www.analyticsvidhya.com/blog/2018/10/a-step-by-step-introduction-to-the-basic-object-detection-algorithms-part-1/}",
      year = "2018 (accessed December 10, 2020)"
    }

@misc{yolo,
      title = "Overview of the YOLO Object Detection Algorithm",
      howpublished = "\url{https://medium.com/@ODSC/overview-of-the-yolo-object-detection-algorithm-7b52a745d3e0}",
      year = "2018 (accessed December 10, 2020)"
    }

@misc{hog,
      title = "Feature Engineering for Images: A Valuable Introduction to the HOG Feature Descriptor",
      howpublished = "\url{https://www.analyticsvidhya.com/blog/2019/09/feature-engineering-images-introduction-hog-feature-descriptor/}",
      year = "2019 (accessed December 10, 2020)"
    }

@misc{cuda,
		title = "OpenCV ‘dnn’ with NVIDIA GPUs: 1549% faster YOLO, SSD, and Mask R-CNN",
		howpublished = "\url{https://www.pyimagesearch.com/2020/02/10/opencv-dnn-with-nvidia-gpus-1549-faster-yolo-ssd-and-mask-r-cnn/}",
		year = "2020 (accessed December 11, 2020)"
	}